@article{SHIPS,
  author =   {Mark DeMaria},
  title =  {{An Updated Statistical Hurricane Intensity Prediction Scheme (SHIPS) for the Atlantic and Eastern North Pacific Basins}},
  journal =  {Journal of Weather and Forecasting},
  volume =   {14},
  number =   {3},
  year =   {1999},
  publisher =  {American Meteorological Society}
}

@article{BestTrackDataset,
  author =   {Demuth, Mark DeMaria, Knaff},
  title =  {{Improvement of advanced microwave sounder unit tropical cyclone intensity and size estimation algorithms}},
  journal =  {Journal of Applied Meteorology},
  volume =   {45},
  pages =    {1573--1581},
  year =   {2006},
  publisher =  {American Meteorological Society}
}
